@misc{data,
  doi = {10.4121/12833918.V1},
  url = {https://data.4tu.nl/articles/dataset/Measured_Climate_Data_in_Rijsenhout/12833918/1},
  author = {Maiullari,  Daniela and Sanchez,  Clara Garcia},
  keywords = {Atmosphere and Weather},
  title = {Measured Climate Data in Rijsenhout},
  publisher = {4TU.ResearchData},
  year = {2020},
  copyright = {Creative Commons Zero v1.0 Universal}
}